@article{malakiyeh2019bathe,
  title={The Bathe time integration method revisited for prescribing desired numerical dissipation},
  author={Malakiyeh, Mohammad Mahdi and Shojaee, Saeed and Bathe, Klaus-J{\"u}rgen},
  journal={Computers \& Structures},
  volume={212},
  pages={289--298},
  year={2019},
  publisher={Elsevier}
}

@book{geradin2014mechanical,
  title={Mechanical vibrations: theory and application to structural dynamics},
  author={G{\'e}radin, Michel and Rixen, Daniel J},
  year={2014},
  publisher={John Wiley \& Sons}
}
